@ARTICLE{2019ApJ...873..111I,
   author = {{Ivezi{\'c}}, {\v Z}. and others},
   title = "{LSST: From Science Drivers to Reference Design and Anticipated Data Products}",
   journal = {\apj},
   archivePrefix = "arXiv",
   eprint = {0805.2366},
   keywords = {astrometry, cosmology: observations, Galaxy: general, methods: observational, stars: general, surveys},
   year = 2019,
   month = mar,
   volume = 873,
   eid = {111},
   pages = {111},
   doi = {10.3847/1538-4357/ab042c},
   adsurl = {http://adsabs.harvard.edu/abs/2019ApJ...873..111I},
   adsnote = {Provided by the SAO/NASA Astrophysics Data System} }

@misc{LSE-163,
   author = {M. Juri\'{c} and others},
    title = "{Data Products Definition Document}",
     year = 2021,
    month = dec,
   handle = {LSE-163},
  publisher = {{Vera C. Rubin Observatory }},
      url = {https://lse-163.lsst.io/} }

@misc{LDM-153,
   author = {C. Slater and others},
   title = "{LSST Database Baseline Schema}",
   year = 2019,
   month = jun,
   publisher = {{Vera C. Rubin Observatory }},
   handle = {LDM-153},
   url = {https://LDM-148.lsst.io/} }
